@ARTICLE{backtest,
         AUTHOR= {Campbell, Kyle and Enos, Jeffrey and Gerlanc, Daniel and Kane, David},
         TITLE= {{Backtests}},
         JOURNAL= {R News},
         VOLUME= {7},
         NUMBER= {1},
         MONTH= {MAY},
         YEAR= {2008}
}

@ARTICLE{kannan,
         AUTHOR= {Kannan, Ravi and Narayanan, Hariharan},
         TITLE= {{Random Walks on Polytopes and an Affine Interior Point Method for Linear Programming}},
         JOURNAL= {Mathematics of Operations Research},
}

@MANUAL{hitandrun, 
        AUTHOR = {van Valkenhoef, Gert and Tervonen, Tommi},
        TITLE = {hitandrun: "Hit and Run" and "Shake and Bake" for Sampling Uniformly from Convex Shapes},
        ORGANIZATION = {CRAN}
}